<?xml version="1.0" encoding="UTF-8"?><collection xmlns="http://www.loc.gov/MARC21/slim"><record><leader>00494nam--2200169-i-4500</leader><controlfield tag="001">000010436</controlfield><controlfield tag="002">20161230</controlfield><controlfield tag="005">20170128144658</controlfield><controlfield tag="008">060222s1000------------r-----000-0-eng-d</controlfield><datafield ind1=" " ind2=" " tag="100"><subfield code="a">Beratlief, Constantin</subfield></datafield><datafield ind1=" " ind2=" " tag="245"><subfield code="a">Utilizarea izotopilor radioactivi si a radiati ilor ionizante in agricultura</subfield></datafield><datafield ind1=" " ind2=" " tag="260"><subfield code="a">Bucuresti</subfield><subfield code="b">Ed.Ceres</subfield><subfield code="c">1970</subfield></datafield><datafield ind1=" " ind2=" " tag="300"><subfield code="a">101 p</subfield></datafield><datafield ind1=" " ind2=" " tag="490"><subfield code="a">In Sprijinul Specialistilor Din Agricultura</subfield></datafield><datafield ind1=" " ind2=" " tag="700"><subfield code="a">Stan, Stelian</subfield></datafield><datafield ind1=" " ind2=" " tag="852"><subfield code="a">37746</subfield></datafield><datafield ind1=" " ind2=" " tag="CAT"><subfield code="a">SYS</subfield><subfield code="c">20170128</subfield><subfield code="h">144658</subfield></datafield></record></collection>